@misc{balcerak2025energymatchingunifyingflow, 
  title={Energy matching: Unifying flow matching and energy-based models for generative modeling}, 
  url={https://arxiv.org/abs/2504.10612}, 
  author={Balcerak, Michal and Tamaz Amiranashvili and Terpin, Antonio and Suprosanna Shit and Bogensperger, Lea and Kaltenbach, Sebastian and Petros Koumoutsakos and Menze, Bjoern}, 
  year={2025} 
}

@misc{loo_adeline_lau_leong_tew_pal_baskaran_ting_phan_2025, 
  title={Learning energy-based generative models via potential flow: A variational principle approach to probability density homotopy matching}, 
  url={https://arxiv.org/abs/2504.16262}, 
  author={Loo, Junn Yong and Adeline, Michelle and Lau, Julia Kaiwen and Leong, Fang Yu and Tew, Hwa Hui and Pal, Arghya and Baskaran, Vishnu Monn and Ting, Chee-Ming and Phan, W}, 
  year={2025}
}

@article{cao_mba_lao_samuel_2015, 
  title={Statistical process monitoring of a multiphase flow facility}, 
  volume={42}, 
  url={https://www.sciencedirect.com/science/article/pii/S0967066115000866},
  DOI={https://doi.org/10.1016/j.conengprac.2015.04.012}, 
  journal={Control Engineering Practice}, 
  author={C. Ruiz-Cárcel and Cao, Y and Mba, D and Lao, L and Samuel, R.T}, 
  year={2015}, 
  pages={74–88} 
}

@misc{vilhes_gasso_alaya_2025, 
  title={PatchTrAD: A patch-based transformer focusing on patch-wise reconstruction error for time series anomaly detection}, 
  url={https://arxiv.org/abs/2504.08827}, 
  author={Vilhes, Samy-Melwan and Gasso, Gilles and Alaya, Mokhtar Z}, 
  year={2025}
}

@misc{malhotra_ramakrishnan_anand_vig_agarwal_shroff_2016, 
  title={LSTM-based encoder-decoder for multi-sensor anomaly detection}, 
  url={https://arxiv.org/abs/1607.00148}, 
  author={Malhotra, Pankaj and Ramakrishnan, Anusha and Anand, Gaurangi and Vig, Lovekesh and Agarwal, Puneet and Shroff, Gautam}, 
  year={2016} 
}

@article{liu_2024_timeseries,
  author = {Liu, Qinghua and Boniol, Paul and Palpanas, Themis and Paparrizos, John},
  month = {08},
  pages = {4229-4232},
  publisher = {Association for Computing Machinery},
  title = {Time-Series Anomaly Detection: Overview and New Trends},
  doi = {10.14778/3685800.3685842},
  url = {https://inria.hal.science/hal-04708918/},
  urldate = {2024-12-30},
  volume = {17},
  year = {2024},
  journal = {Proceedings of the VLDB Endowment}
}

@article{boniol_2024_dive,
  author = {Boniol, Paul and Liu, Qinghua and Huang, Mingyi and Palpanas, Themis and Paparrizos, John},
  month = {12},
  publisher = {Cornell University},
  title = {Dive into Time-Series Anomaly Detection: A Decade Review},
  doi = {10.48550/arxiv.2412.20512},
  urldate = {2025-07-28},
  year = {2024},
  journal = {arXiv (Cornell University)}
}

@inproceedings{bernhard_1999_support,
  author = {Schölkopf, Bernhard and Williamson, Robert and Smola, Alex and Shawe-Taylor, John and Platt, John},
  year = {1999},
  month = {01},
  pages = {582-588},
  title = {Support Vector Method for Novelty Detection},
  volume = {12},
  journal = {NIPS}
}

@article{tax_2004_support,
  author = {Tax, David M.J. and Duin, Robert P.W.},
  month = {01},
  pages = {45-66},
  title = {Support Vector Data Description},
  doi = {10.1023/b:mach.0000008084.60811.49},
  urldate = {2019-06-23},
  volume = {54},
  year = {2004},
  journal = {Machine Learning}
}

@inproceedings{feitony_2008_isolation,
  author={Liu, Fei Tony and Ting, Kai Ming and Zhou, Zhi-Hua},
  booktitle={2008 Eighth IEEE International Conference on Data Mining}, 
  title={Isolation Forest}, 
  year={2008},
  volume={},
  number={},
  pages={413-422},
  doi={10.1109/ICDM.2008.17}
}

@misc{etikani_2024_anomaly,
  author = {Etikani, Pradeep and Kamireddy, Vijaya and Shiva, Krishnateja and Mittal, Akhil and Dave, Arth and Thakkar, Darshit and Kanchetti, Devidas and Munirathnam, Rajesh},
  month = {01},
  title = {Anomaly detection in sensor data with machine learning: Predictive maintenance for industrial systems},
  year = {2024},
  organization = {Journal of Electrical Systems}
}

@inproceedings{audibert_michiardi_guyard_marti_zuluaga_2020, 
  address={Virtual Event, CA, USA}, 
  title={USAD: UnSupervised anomaly detection on multivariate time series}, 
  url={https://doi.org/10.1145/3394486.3403392}, 
  DOI={https://doi.org/10.1145/3394486.3403392}, 
  publisher={Association for Computing Machinery}, 
  author={Audibert, Julien and Michiardi, Pietro and Guyard, Frédéric and Marti, Sébastien and Zuluaga, Maria A}, 
  year={2020}, 
  pages={3395–3404} 
}

@article{tuli_casale_jennings_2022, 
  title={TranAD}, 
  volume={15}, 
  DOI={https://doi.org/10.14778/3514061.3514067}, 
  number={6}, 
  journal={Proceedings of the VLDB Endowment}, 
  author={Tuli, Shreshth and Casale, Giuliano and Jennings, Nicholas R.}, 
  year={2022}, 
  month={Feb}, 
  pages={1201–1214} 
}

@article{munir_siddiqui_dengel_ahmed_2019, 
  title={DeepAnT: A Deep Learning Approach for Unsupervised Anomaly Detection in Time Series}, 
  volume={7}, 
  DOI={https://doi.org/10.1109/access.2018.2886457}, 
  journal={IEEE Access}, 
  author={Munir, Mohsin and Siddiqui, Shoaib Ahmed and Dengel, Andreas and Ahmed, Sheraz}, 
  year={2019}, 
  pages={1991–2005} 
}

@inproceedings{su_zhao_niu_liu_sun_pei_2019, 
  title={Robust Anomaly Detection for Multivariate Time Series through Stochastic Recurrent Neural Network}, 
  ISBN={9781450362016}, 
  url={https://dl.acm.org/citation.cfm?id=3330672}, 
  DOI={https://doi.org/10.1145/3292500.3330672}, 
  journal={Proceedings of the 25th ACM SIGKDD International Conference on Knowledge Discovery & Data Mining  - KDD '19}, 
  author={Su, Ya and Zhao, Youjian and Niu, Chenhao and Liu, Rong and Sun, Wei and Pei, Dan}, 
  year={2019}
}

@inproceedings{zong_song_min_cheng_lumezanu_cho_chen_2018, 
  title={Deep autoencoding gaussian mixture model for unsupervised anomaly detection}, 
  url={https://openreview.net/forum?id=BJJLHbb0-}, 
  author={Zong, Bo and Song, Qi and Min, Martin Renqiang and Cheng, Wei and Lumezanu, Cristian and Cho, Daeki and Chen, Haifeng},
  year={2018} 
}

@inproceedings{rezende_mohamed_2015, 
  address={Lille, France}, 
  title={Variational inference with normalizing flows}, 
  publisher={JMLR.org}, 
  author={Rezende, Danilo Jimenez and Mohamed, Shakir}, 
  year={2015}, 
  pages={1530–1538}
}

@article{schmidt_simic_2019, 
  title={Normalizing flows for novelty detection in industrial time series data}, 
  DOI={https://doi.org/10.48550/arxiv.1906.06904}, 
  journal={arXiv (Cornell University)}, 
  publisher={Cornell University}, 
  author={Schmidt, Maximilian and Simic, Marko}, 
  year={2019}, 
  month={Jan} 
}

@article{nijkamp_hill_zhu_wu_2019, 
  title={Learning Non-Convergent Non-Persistent Short-Run MCMC Toward Energy-Based Model}, 
  DOI={https://doi.org/10.48550/arxiv.1904.09770}, 
  journal={arXiv (Cornell University)}, 
  publisher={Cornell University}, 
  author={Nijkamp, Erik and Hill, Mitch and Zhu, Song-Chun and Wu, Ying Nian}, 
  year={2019}, 
  month={Jan} 
}

@article{yoon_jin_noh_park_2023, 
  title={Energy-Based Models for Anomaly Detection: A Manifold Diffusion Recovery Approach}, 
  DOI={https://doi.org/10.48550/arxiv.2310.18677}, 
  journal={arXiv (Cornell University)}, 
  publisher={Cornell University}, 
  author={Yoon, Sangwoong and Jin, Young-Uk and Noh, Yung-Kyun and Park, Frank C}, 
  year={2023}, 
  month={Jan}
}

@article{pang_shen_cao_van_2021, 
  title={Deep learning for anomaly detection: A review}, 
  volume={54}, 
  url={http://dx.doi.org/10.1145/3439950}, 
  DOI={https://doi.org/10.1145/3439950}, 
  number={2}, 
  journal={ACM Computing Surveys}, 
  publisher={Association for Computing Machinery (ACM)}, 
  author={Pang, Guansong and Shen, Chunhua and Cao, Longbing and Van, Anton}, 
  year={2021}, 
  month={Mar}, 
  pages={1–38} 
}

@article{zhao_zuo_hou_liu_yu_yang_deng_2018, 
  title={A novel adaptive signal processing method based on enhanced empirical wavelet transform technology}, 
  volume={18}, 
  url={https://www.mdpi.com/1424-8220/18/10/3323}, 
  DOI={https://doi.org/10.3390/s18103323}, 
  number={10}, 
  journal={Sensors}, 
  author={Zhao, Huimin and Zuo, Shaoyan and Hou, Ming and Liu, Wei and Yu, Ling and Yang, Xinhua and Deng, Wu}, 
  year={2018} 
}


@article{zhang_yang_wen_li_wang_sun_song_lai_ma_han_2025, 
  title={Beyond the time domain: Recent advances on frequency transforms in time series analysis}, 
  DOI={https://doi.org/10.48550/arXiv.2504.07099}, 
  author={Zhang, Qianru and Yang, Peng and Wen, Honggang and Li, Xinzhu and Wang, Haixin and Sun, Fang and Song, Zezheng and Lai, Zhichen and Ma, Rui and Han, Ruihua and Wu, Tailin and Yiu, Siu-Ming and Sun, Yizhou and Yi, Hongzhi}, 
  year={2025}, 
  month={Feb}
}

@article{oppenheim_lim_1981, 
  title={The importance of phase in signals}, 
  volume={69}, 
  DOI={https://doi.org/10.1109/proc.1981.12022}, 
  number={5}, 
  journal={Proceedings of the IEEE}, 
  author={Oppenheim, A.V. and Lim, J.S.}, 
  year={1981}, 
  pages={529–541} 
}

@misc{naiman_berman_pemper_arbiv_fadlon_azencot_2024, 
  title={Utilizing image transforms and diffusion models for generative modeling of short and long time series}, 
  url={https://arxiv.org/abs/2410.19538}, 
  author={Naiman, Ilan and Berman, Nimrod and Pemper, Itai and Arbiv, Idan and Fadlon, Gal and Azencot, Omri}, 
  year={2024} 
}

@misc{su_cai_tian_chang_zheng_song_2025, 
  title={Diffusion models for time series forecasting: A survey}, 
  url={https://arxiv.org/abs/2507.14507}, 
  author={Su, Chen and Cai, Zhengzhou and Tian, Yuanhe and Chang, Zhuochao and Zheng, Zihong and Song, Yan}, 
  year={2025}
}

@article{rhif_ben_abbes_farah_martínez_sang_2019, 
  title={Wavelet Transform Application for/in Non-Stationary Time-Series Analysis: A Review}, 
  volume={9}, 
  DOI={https://doi.org/10.3390/app9071345},
  number={7}, 
  journal={Applied Sciences}, 
  author={Rhif, Manel and Ben Abbes, Ali and Farah, Imed and Martínez, Beatriz and Sang, Yanfang}, 
  year={2019}, 
  month={Mar}, 
  pages={1345} 
}

@misc{wang_oates_2015, 
  title={Imaging time-series to improve classification and imputation}, 
  url={https://arxiv.org/abs/1506.00327}, 
  author={Wang, Zhiguang and Oates, Tim}, 
  year={2015}
}

@article{marwan_carmenromano_thiel_kurths_2007, 
  title={Recurrence plots for the analysis of complex systems}, 
  volume={438}, 
  DOI={https://doi.org/10.1016/j.physrep.2006.11.001}, 
  number={5-6}, 
  journal={Physics Reports}, 
  author={MARWAN, N and CARMENROMANO, M and THIEL, M and KURTHS, J}, 
  year={2007}, 
  month={Jan}, 
  pages={237–329}
}

@article{du_mordatch_2019, 
  title={Implicit Generation and Modeling with Energy Based Models}, 
  volume={32}, 
  journal={Neural Information Processing Systems}, 
  author={Du, Yilun and Mordatch, Igor}, 
  year={2019}, 
  month={Jan}, 
  pages={3603–3613}
}

@misc{carbone_2025, 
  title={Hitchhiker’s guide on the relation of Energy-Based Models with other generative models, sampling and statistical physics: a comprehensive review}, 
  url={https://arxiv.org/abs/2406.13661}, 
  author={Carbone, Davide}, 
  year={2025}
}

@misc{xiao_yan_amit_2021, 
  title={EBMs trained with maximum likelihood are generator models trained with a self-adverserial loss}, 
  url={https://arxiv.org/abs/2102.11757}, 
  author={Xiao, Zhisheng and Yan, Qing and Amit, Yali},   
  year={2021}
}

@inbook{hinton_2012, 
  title={A practical guide to training restricted boltzmann machines}, 
  url={https://doi.org/10.1007/978-3-642-35289-8%E2%82%832}, 
  DOI={https://doi.org/10.1007/978-3-642-35289-8%E2%82%832}, 
  publisher={Springer Berlin Heidelberg}, 
  author={Hinton, Geoffrey E}, 
  year={2012}, 
  pages={599–619}
}

@misc{zhai_cheng_lu_zhang_2016, 
  title={Deep structured energy based models for anomaly detection}, 
  url={https://arxiv.org/abs/1605.07717}, 
  author={Zhai, Shuangfei and Cheng, Yu and Lu, Weining and Zhang, Zhongfei}, 
  year={2016}
}

@article{mitov_1998, 
  title={A method for assessment and processing of biomedical signals containing trend and periodic components}, 
  volume={20}, 
  url={https://www.sciencedirect.com/science/article/pii/S1350453398000770}, 
  DOI={https://doi.org/10.1016/S1350-4533(98)00077-0}, 
  number={9}, 
  journal={Medical Engineering \& Physics}, 
  author={Mitov, I.P}, 
  year={1998}, 
  pages={660–668}
}

@misc{dosovitskiy_beyer_kolesnikov_weissenborn_zhai_unterthiner_dehghani_minderer_heigold_gelly_2021, 
  title={An image is worth 16x16 words: Transformers for image recognition at scale}, 
  url={https://arxiv.org/abs/2010.11929}, 
  author={Dosovitskiy, Alexey and Beyer, Lucas and Kolesnikov, Alexander and Weissenborn, Dirk and Zhai, Xiaohua and Unterthiner, Thomas and Dehghani, Mostafa and Minderer, Matthias and Heigold, Georg and Gelly, Sylvain and Uszkoreit, Jakob and Houlsby, Neil}, 
  year={2021}
}

@misc{lipman_2023, 
  title={Flow matching for generative modeling}, 
  url={https://arxiv.org/abs/2210.02747}, 
  author={Lipman, Yaron and T. Q., Ricky and Ben-Hamu, Heli and Nickel, Maximilian and Le, Matt}, 
  year={2023} 
}

@article{torrence_compo_1998, 
  title={A practical guide to wavelet analysis}, 
  volume={79}, 
  url={https://journals.ametsoc.org/view/journals/bams/79/1/1520-0477%E2%82%81998%E2%82%8079%E2%82%80061%E2%82%90pgtwa%E2%82%82%E2%82%80%3Csub%3Ec%3C/sub%3Eo%E2%82%82.xml}, 
  DOI={https://doi.org/10.1175/1520-0477(1998)079%C2%A10061:APGTWA%C2%BF2.0.CO;2}, 
  number={1}, 
  journal={Bulletin of the American Meteorological Society}, 
  publisher={American Meteorological Society}, 
  author={Torrence, Christopher and Compo, Gilbert P}, 
  year={1998}, 
  pages={61–78}
}

@book{mallat_peyre_2009, 
  address={Amsterdam}, 
  title={A wavelet tour of signal processing : the sparse way}, 
  ISBN={9780123743701}, 
  publisher={Academic Press, Cop}, 
  author={Mallat, Stephane G and Peyre, Gabriel}, 
  year={2009} 
}

@misc{kingma2018glowgenerativeflowinvertible,
  title={Glow: Generative Flow with Invertible 1x1 Convolutions}, 
  author={Diederik P. Kingma and Prafulla Dhariwal},
  year={2018},
  eprint={1807.03039},
  archivePrefix={arXiv},
  primaryClass={stat.ML},
  url={https://arxiv.org/abs/1807.03039}, 
}

@misc{dinh2017densityestimationusingreal,
  title={Density estimation using Real NVP}, 
  author={Laurent Dinh and Jascha Sohl-Dickstein and Samy Bengio},
  year={2017},
  eprint={1605.08803},
  archivePrefix={arXiv},
  primaryClass={cs.LG},
  url={https://arxiv.org/abs/1605.08803}, 
}